% The example bibliographical entries below were borrowed from the
% <https://www.ctan.org/pkg/biblatex-iso690> package documentation.
@misc{CurveSwap,
    author = {L Valenta et al.},
    title = {In search of CurveSwap: Measuring elliptic curve implementations in the wild},
    howpublished = {Cryptology ePrint Archive, Report 2018/298},
    year = {2018},
    note = {\url{https://eprint.iacr.org/2018/298}},
}


@article{Sys:2016:A9O:2988516.2988228,
 author = {M S\'{y}s et al.},
 title = {Algorithm 970: Optimizing the {NIST} Statistical Test Suite and the {B}erlekamp-{M}assey Algorithm},
 journal = {ACM Trans. Math. Softw.},
 issue_date = {January 2017},
 volume = {43},
 number = {3},
 year = {2016},
 issn = {0098-3500},
 pages = {27:1--27:11},
 articleno = {27},
 numpages = {11},
 url = {http://doi.acm.org/10.1145/2988228},
 doi = {10.1145/2988228},
 acmid = {2988228},
 publisher = {ACM},
 address = {New York, NY, USA},
 keywords = {Berlekamp-Massey algorithm, NIST STS, statistical randomness testing},
} 

@inproceedings{booltest_secrypt2017,
   author = {Sýs, Marek and Klinec, Dušan and Švenda, Petr},
   address = {Madrid, Spain},
   booktitle = {Proceedings of the 14th International Joint Conference on e-Business and Telecommunications (ICETE 2017) - Volume 4: SECRYPT, Madrid, Spain, July 24-26, 2017},
   doi = {http://dx.doi.org/10.5220/0006425100920103},
   keywords = {booltest; randomness; randomness testing; polynomials; NIST STS; Dieharder; boolean functions; statistical randomness test},
   howpublished = {tištěná verze "print"},
   language = {eng},
   location = {Madrid, Spain},
   isbn = {978-989-758-259-2},
   pages = {92-103},
   publisher = {SCITEPRESS},
   title = {The Efficient Randomness Testing using Boolean Functions},
   url = {https://crocs.fi.muni.cz/public/papers/secrypt2017},
   year = {2017}
 }

@inbook{e5b50d9180a54487b14eabe2e1207e4b,
	title = "Elliptic curve cryptography in practice",
	abstract = "In this paper we perform a review of elliptic curve cryptography (ECC) as it is used in practice today in order to reveal unique mistakes and vulnerabilities that arise in implementations of ECC.We study four popular protocols that make use of this type of public-key cryptography: Bitcoin, secure shell (SSH), transport layer security (TLS), and the Austrian e-ID card. We are pleased to observe that about 1 in 10 systems support ECC across the TLS and SSH protocols. However, we find that despite the high stakes of money, access and resources protected by ECC, implementations suffer from vulnerabilities similar to those that plague previous cryptographic systems.",
	author = "JW Bos et al.",
	year = "2014",
	doi = "10.1007/978-3-662-45472-5_11",
	volume = "8437",
	series = "LCNS",
	publisher = "Springer",
	pages = "157--175",
	booktitle = "Financial Cryptography and Data Security - 18th International Conference, FC 2014, Revised Selected Papers",
}

@InProceedings{2016-usenixsec-svenda,
	author = {P {\v{S}}venda et al.},
	title = {The Million-Key Question -- Investigating the Origins of {RSA} Public Keys},
	booktitle = {The 25th USENIX Security Symposium 2016},
	pages = {893--910},
	isbn = {978-1-931971-32-4},
}

@book{Washington:2008:ECN:1388394,
	author = {LC Washington},
	title = {Elliptic Curves: Number Theory and Cryptography, Second Edition},
	year = {2008},
	isbn = {9781420071467},
	edition = {2},
	publisher = {Chapman \& Hall/CRC},
} 

@InProceedings{DBLP:conf/c2si/NitajR15a,
	author    = {A Nitaj and
	T Rachidi},
	title     = {Factoring {RSA} Moduli with Weak Prime Factors},
	booktitle = {Codes, Cryptology, and Information Security - First International
	Conference, {C2SI} 2015, Rabat, Morocco, May 26-28, 2015, Proceedings
	- In Honor of Thierry Berger},
	pages     = {361--374},
	year      = {2015},
	crossref  = {DBLP:conf/c2si/2015},
	url       = {http://dx.doi.org/10.1007/978-3-319-18681-8_29},
	doi       = {10.1007/978-3-319-18681-8_29},
	timestamp = {Tue, 12 May 2015 15:24:51 +0200},
	biburl    = {http://dblp.uni-trier.de/rec/bib/conf/c2si/NitajR15a},
	bibsource = {dblp computer science bibliography, http://dblp.org}
}

@InProceedings{conf/c2si/NitajR15a,
	added-at = {2015-05-12T00:00:00.000+0200},
	author = {A Nitaj and T Rachidi},
	biburl = {https://www.bibsonomy.org/bibtex/2a744ac6e303b03d47594157e01a306f0/dblp},
	booktitle = {C2SI},
	editor = {SE Hajji et al.},
	ee = {http://dx.doi.org/10.1007/978-3-319-18681-8_29},
	interhash = {93974ef71927c3b7b64a491f5cc6c763},
	intrahash = {a744ac6e303b03d47594157e01a306f0},
	isbn = {978-3-319-18680-1},
	keywords = {dblp},
	pages = {361-374},
	publisher = {Springer},
	series = {Lecture Notes in Computer Science},
	timestamp = {2015-06-18T13:54:29.000+0200},
	title = {Factoring RSA Moduli with Weak Prime Factors.},
	url = {http://dblp.uni-trier.de/db/conf/c2si/c2si2015.html#NitajR15a},
	volume = 9084,
	year = 2015
}


@article{Lehmann,
	ISSN = {00255718, 10886842},
	URL = {http://www.jstor.org/stable/2005940},
	abstract = {A modification of Fermat's difference of squares method is used for factoring large integers. This modification permits factoring $n$ in $O(n^{1/3})$ elementary operations, where addition, subtraction, multiplication, division, or the extraction of a square root is considered as an elementary operation. A principal part is played by the use of a dissection of the continuum similar to the Farey dissection. This has been programmed for $n \leqq 1.05 \times 10^{20}$ on the CDC 6400.},
	author = {RS Lehman},
	journal = {Mathematics of Computation},
	number = {126},
	pages = {637-646},
	publisher = {American Mathematical Society},
	title = {Factoring Large Integers},
	volume = {28},
	year = {1974}
}

@article{pollard_1974, title={Theorems on factorization and primality testing}, volume={76}, DOI={10.1017/S0305004100049252}, number={3}, journal={Mathematical Proceedings of the Cambridge Philosophical Society}, publisher={Cambridge University Press}, author={Pollard, J. M.}, year={1974}, pages={521–528}}

@Inbook{Koblitz2000,
	author="N Koblitz et al.",
	editor="Koblitz, Neal",
	title="The State of Elliptic Curve Cryptography",
	bookTitle="Towards a Quarter-Century of Public Key Cryptography: A Special Issue of DESIGNS, CODES AND CRYPTOGRAPHY An International Journal. Volume 19, No. 2/3 (2000)",
	year="2000",
	publisher="Springer",
	pages="103--123",
	isbn="978-1-4757-6856-5",
	doi="10.1007/978-1-4757-6856-5_5",
	url="http://dx.doi.org/10.1007/978-1-4757-6856-5_5"
}

@inproceedings{Ms2006EllipticCC,
	title={Elliptic Curve Cryptography – an Implementation Tutorial Elliptic Curve Cryptography an Implementation Guide},
	author={MS Anoop},
	year={2006}
}

@article{Williams,
	ISSN = {00255718, 10886842},
	abstract = {Let $N$ have a prime divisor $p$ such that $p + 1$ has only small prime divisors. A method is described which will allow for the determination of $p$, given $N$. This method is analogous to the $p - 1$ method of factoring which was described in 1974 by Pollard. The results of testing this method on a large number of composite numbers are also presented.},
	author = {HC Williams},
	journal = {Mathematics of Computation},
	number = {159},
	pages = {225-234},
	publisher = {American Mathematical Society},
	title = {A $p + 1$ Method of Factoring},
	volume = {39},
	year = {1982}
}



@article{Coppersmith:1997:SSP:2724983.2725163,
	author = {D Coppersmith},
	title = {Small Solutions to Polynomial Equations, and Low Exponent RSA Vulnerabilities},
	journal = {J. Cryptol.},
	issue_date = {September 1997},
	volume = {10},
	number = {4},
	month = sep,
	year = {1997},
	issn = {0933-2790},
	pages = {233--260},
	numpages = {28},
	doi = {10.1007/s001459900030},
	acmid = {2725163},
	publisher = {Springer-Verlag New York, Inc.},
	address = {Secaucus, NJ, USA},
	keywords = {Key words. Polynomial, RSA, Factoring.},
} 



@InProceedings{towards2013,
	added-at = {2013-11-05T00:00:00.000+0100},
	author = {P {\v{S}}venda et al.},
	booktitle = {SECRYPT},
	isbn = {978-989-8565-73-0},
	keywords = {dblp},
	pages = {135-146},
	publisher = {SciTePress},
	timestamp = {2013-11-05T00:00:00.000+0100},
	title = {{Towards Cryptographic Function Distinguishers with Evolutionary Circuits.}},
	year = 2013
}


@incollection{spw2013,
	author={P {\v{S}}venda and V Maty{\'a}{\v{s}}},
	year={2013},
	isbn={978-3-642-41716-0},
	booktitle={Security Protocols {XXI}},
	volume={8263},
	series={LNCS},
	title={{On the Origin of Yet another Channel}},
	publisher={Springer},
	pages={223-237}
}


@misc{NIST,
	author = {A Rukhin},
	title = {{A} Statistical Test Suite for Random and Pseudorandom Number Generators for Cryptographic Applications},
	year = {2010},
	publisher = {NIST},
	address = {NIST, USA},
	howpublished = {NIST Special Publication 800-22 Rev. 1a., USA}
} 

@misc{dieharder,
	author = {RG Brown},
	title = {Dieharder: A random number test suite},
	year = {2004},
	howpublished = {\url{phy.duke.edu/~rgb/General/dieharder.php}},
}

@inproceedings{Soto99randomnesstesting,
	author = {J Soto and L Bassham},
	title = {Randomness Testing of the {AES} Finalist Candidates},
	booktitle = {NIST Internal Report 6483, NIST},
	year = {1999}
}

@misc{estream,
	author = {MS Turan et al.},
	title = {Detailed Statistical Analysis of Synchronous Stream Ciphers},
	year = {2006},
	howpublished = {eSTREAM, ECRYPT Stream Cipher Project, Report}
} 

@MasterThesis{delman04,
	author = {B Delman},
	title = {Genetic algorithms in cryptography},
	school = {Rochester Institute of Technology},
	year = 2004,
	address = {New York, USA},
}

@inproceedings{picek, 
	author={S Picek and M Golub}, 
	booktitle={MIPRO, 2011 Proceedings of the 34th International Convention}, 
	title={On evolutionary computation methods in cryptography}, 
	year={2011}, 
	pages={1496-1501}
}

@inproceedings{tea,
	author = {D Wheeler and R Needham},
	title = {{TEA, a Tiny Encryption Algorithm}.},
	booktitle = {Fast Software Encryption 1994},
	year = {1994},
	pages = {363-366},
	publisher = {Springer},
	volume = {1008},
	series = {LNCS},
}

@article{xteaga,
	year={2005},
	issn={0288-3635},
	journal={New Generation Computing},
	volume={23},
	number={3},
	title={New results on the genetic cryptanalysis of {TEA} and reduced-round versions of {XTEA}},
	publisher={Springer-Verlag},
	keywords={Cryptanalysis; Distinguishers; Block Ciphers; XTEA; TEA},
	author={H Castro and IP Viñuela},
	pages={233-243},
} %     doi={10.1007/BF03037657},

@inproceedings{Secrypt2014,
	author    = {M S{\'{y}}s et al.},
	title     = {Constructing Empirical Tests of Randomness},
	booktitle = {SECRYPT} ,
	pages     = {229--237},
	year      = {2014},
	publisher = {SciTePress},
	isbn ={978-989-758-045-1},
	timestamp = {Thu, 02 Oct 2014 14:26:58 +0200},
}



@incollection{spw2013_orig,
	year={2013},
	isbn={978-3-642-41716-0},
	booktitle={Security Protocols {XXI}},
	volume={8263},
	series={Lecture Notes in Computer Science},
	editor={B Christianson et al.},
	doi={10.1007/978-3-642-41717-7\_26},
	title={On the Origin of Yet another Channel},
	publisher={Springer Berlin Heidelberg},
	author={P {\v{S}}venda and V Maty{\'a}{\v{s}}},
	pages={223-237}
}


@INBOOK{ehw2012,
	author = {L Sekanina},
	title = {Evolvable hardware},
	pages = {1657--1705},
	booktitle = {Handbook of Natural Computing},
	year = {2012},
	location = {Berlin, DE},
	publisher = {Springer Verlag},
	ISBN = {978-3-540-92909-3},
}


@ARTICLE{Salvador:tc2013,
	author = {R Salvador et al.},
	title = {Self-Reconfigurable Evolvable Hardware System for Adaptive
	Image Processing},
	pages = {1481--1493},
	journal = {IEEE Transactions on Computers},
	volume = {62},
	number = {8},
	year = {2013},
	ISSN = {0018-9340},
}

@INPROCEEDINGS{Dobai:Sekanina:ahs2013,
	author = {R Dobai and L Sekanina},
	title = {{Image Filter Evolution on the Xilinx Zynq Platform}},
	pages = {164--171},
	booktitle = {Proceedings of the 2013 NASA/ESA Conference on Adaptive
	Hardware and Systems},
	year = {2013},
	location = {Torino, IT},
	publisher = {IEEE Circuits and Systems Society},
	ISBN = {978-1-4673-6381-5},
}

@Book{miller:cgp:book,
	author = {JF Miller},
	title = {Cartesian Genetic Programming},
	publisher = {Springer-Verlag},
	year = {2011},
	ISBN = {978-3-642-17309-7},
}

@Book{MS08,
	author = {P {\v{S}}venda and V Maty{\'a}{\v{s}}},
	title = {From Problem to Solution: Wireless Sensor Networks Security (book chapter)},
	publisher = {Nova Science Publishers},
	year = {2011},
	ISBN = {978-1-60456-458-0}
}

@inproceedings{SSM09,
	author = {P {\v{S}}venda et al.},
	booktitle = {Conference on Security and Privacy in Wireless and Mobile Networks 2009},
	pages = {225-236},
	publisher = {ACM},
	title = {Evolutionary design of secrecy amplification protocols for wireless sensor networks.},
	year = 2009
}

@inproceedings{eurogp,
	author={T Smolka et al.},
	title={Evolutionary Design of Message Efficient Secrecy Amplification Protocols},
	booktitle={Proceedings of the 15th European Conference on Genetic Programming, EuroGP 2012},
	volume = {7244},
	series = {LNCS},
	pages={194--205},
	year={2012},
	organization={Springer}
} 

@book{academia,
	author = {L Sekanina et al.},
	title = {Evolucní hardware: Od automatického generování
	patentovatelných invencí k sebemodifikujícím se strojům},
	pages = {328},
	series = {Edice Gerstner},
	year = {2009},
	location = {Praha, CZ},
	publisher = {Academia},
	ISBN = {978-80-200-1729-1},
}

@book{Parr:2007:DAR:1209320,
	author = {T Parr},
	title = {The Definitive ANTLR Reference: Building Domain-Specific Languages},
	year = {2007},
	isbn = {0978739256},
	publisher = {Pragmatic Bookshelf},
} 


@inproceedings{F10c,
	teams = {SALSA},
	labs = {LIP6},
	author = {JC Faugère},
	title = {{FGb: A Library for Computing Gröbner Bases}},
	booktitle = {{Mathematical Software ICMS 2010}},
	series = {LNCS},
	publisher = {Springer},
	year = {2010},
	x-invited-conference = {yes},
	x-editorial-board = {yes},
	x-international-audience = {yes},
	x-proceedings = {yes},
	pages = {84--87},
	volume = {6327},
	address = {Berlin, Heidelberg},
	location = {Kobe, Japan},
}


@INPROCEEDINGS{Picek:eurogp2015,
	author = {S Picek et al.},
	title = {Evolutionary Methods for the Construction of Cryptographic Boolean Functions},
	pages = {1--12},
	booktitle = {Genetic Programming, 18th European Conference, EuroGP 2015},
	series = {LNCS 9025},
	year = {2015},
	publisher = {Springer Verlag},
} 

@inproceedings{pramstaller2005preliminary,
	title={Preliminary analysis of the SHA-256 Message Expansion},
	author={N Pramstaller et al.},
	booktitle={NIST-First Cryptographic Hash Workshop},
	year={2005},
	organization={Citeseer}
}

@INPROCEEDINGS{Bouillaguet,
	author = {C Bouillaguet et al.},
	title = {Automatic Search of Attacks on Round-Reduced AES and Applications},
	pages = {169--187},
	booktitle = {Advances in Cryptology, CRYPTO 2011},
	series = {LNCS 6841},
	year = {2011},
	publisher = {Springer Verlag},
} 

@inproceedings {heninger,
	author = {N Heninger et al.},
	title = {Mining Your Ps and Qs: Detection of Widespread Weak Keys in Network Devices},
	booktitle = {Presented as part of the 21st {USENIX} Security Symposium ({USENIX} Security 12)},
	year = {2012},
	isbn = {978-931971-95-9},
	address = {Bellevue, WA},
	pages = {205--220},
	url = {https://www.usenix.org/conference/usenixsecurity12/technical-sessions/presentation/heninger},
	publisher = {{USENIX}},
}

@Inbook{May2010,
	author="A May",
	editor="Nguyen, Phong Q.
	and Vall{\'e}e, Brigitte",
	title="Using LLL-Reduction for Solving RSA and Factorization Problems",
	bookTitle="The LLL Algorithm: Survey and Applications",
	year="2010",
	publisher="Springer Berlin Heidelberg",
	address="Berlin, Heidelberg",
	pages="315--348",
	abstract="Twenty five years ago, Lenstra, Lenstra and Lov{\'a}sz presented their celebrated LLL lattice reduction algorithm. Among the various applications of the LLL algorithm is a method due to Coppersmith for finding small roots of polynomial equations. We give a survey of the applications of this root finding method to the problem of inverting the RSA function and the factorization problem. As we will see, most of the results are of a dual nature, they can either be interpreted as cryptanalytic results or as hardness/security results.",
	isbn="978-3-642-02295-1",
	doi="10.1007/978-3-642-02295-1_10",
	url="https://doi.org/10.1007/978-3-642-02295-1_10"
}

@inproceedings{DBLP,
	author    = {S Calzavara et al.},
	title     = {Micro-policies for Web Session Security},
	booktitle = {{IEEE} 29th Computer Security Foundations Symposium, {CSF} 2016, Lisbon,
	Portugal, June 27 - July 1, 2016},
	pages     = {179--193},
	year      = {2016},
	crossref  = {DBLP:conf/csfw/2016},
	url       = {https://doi.org/10.1109/CSF.2016.20},
	doi       = {10.1109/CSF.2016.20},
	timestamp = {Thu, 15 Jun 2017 21:35:08 +0200},
	biburl    = {http://dblp.uni-trier.de/rec/bib/conf/csfw/CalzavaraFGM16},
	bibsource = {dblp computer science bibliography, http://dblp.org}
}

@proceedings{DBLP:conf/csfw/2016,
	title     = {{IEEE} 29th Computer Security Foundations Symposium, {CSF} 2016, Lisbon,
	Portugal, June 27 - July 1, 2016},
	publisher = {{IEEE} Computer Society},
	year      = {2016},
	url       = {http://ieeexplore.ieee.org/xpl/mostRecentIssue.jsp?punumber=7518122},
	isbn      = {978-1-5090-2607-4},
	timestamp = {Mon, 19 Sep 2016 15:37:09 +0200},
	biburl    = {http://dblp.uni-trier.de/rec/bib/conf/csfw/2016},
	bibsource = {dblp computer science bibliography, http://dblp.org}
}

@inproceedings{DBLP:conf/ictcs/0001FLMMS16,
	author    = {S Das et al.},
	title     = {Gathering of Robots in a Ring with Mobile Faults},
	booktitle = {Proceedings of the 17th Italian Conference on Theoretical Computer
	Science, Lecce, Italy, September 7-9, 2016.},
	pages     = {122--135},
	year      = {2016},
	crossref  = {DBLP:conf/ictcs/2016},
	url       = {http://ceur-ws.org/Vol-1720/full9.pdf},
	timestamp = {Thu, 09 Mar 2017 12:17:09 +0100},
	biburl    = {http://dblp.uni-trier.de/rec/bib/conf/ictcs/0001FLMMS16},
	bibsource = {dblp computer science bibliography, http://dblp.org}
}

@proceedings{DBLP:conf/ictcs/2016,
	editor    = {Vittorio Bil{\`{o}} and
	Antonio Caruso},
	title     = {Proceedings of the 17th Italian Conference on Theoretical Computer
	Science, Lecce, Italy, September 7-9, 2016},
	series    = {{CEUR} Workshop Proceedings},
	volume    = {1720},
	publisher = {CEUR-WS.org},
	year      = {2016},
	url       = {http://ceur-ws.org/Vol-1720},
	urn       = {urn:nbn:de:0074-1720-9},
	timestamp = {Thu, 09 Mar 2017 12:17:09 +0100},
	biburl    = {http://dblp.uni-trier.de/rec/bib/conf/ictcs/2016},
	bibsource = {dblp computer science bibliography, http://dblp.org}
}

@article{article,
	author = {M S{\`y}s et al.},
	year = {2015},
	month = {01},
	pages = {18-32},
	title = {On the interpretation of results from the NIST statistical test suite},
	volume = {18}
}

@inproceedings{sys2014constructing,
	title={Constructing empirical tests of randomness},
	author={M S{\`y}s et al.},
	booktitle={Security and Cryptography (SECRYPT), 2014 11th International Conference on},
	pages={1--9},
	year={2014},
	organization={IEEE}
}

@InProceedings{2017-secrypt-sys,
	author = {M S{\`y}s et al.},
	title = {The Efficient Randomness Testing using Boolean Functions},
	booktitle = {The 14th International Conference on Security and Cryptography (Secrypt'2017)},
	year = {2017},
	pages = {92--103},
	isbn = {978-989-758-259-2},
	publisher = {SCITEPRESS},
	keywords = {eacirc, randomness},
}

@misc{Keylength,
	title = {Keylength - {NIST} Report on Cryptographic Key Length and Cryptoperiod (2016)},
	howpublished = {\url{https://www.keylength.com/en/4/}},
	note = {Accessed: 2018-04-03}
}

@misc{bernstein2015failures,
	title={Failures in {NIST}'s {ECC} standards},
	author={DJ Bernstein and T Lange},
    howpublished = 			                                 {\url{https://cr.yp.to/newelliptic/nistecc-20160106.pdf}},
	note = {Accessed: 2018-04-03}  
}

@misc{safecurves,
	title = {Safe{C}urves: choosing safe curves for elliptic-curve cryptography},
    author={DJ Bernstein et al.},
	howpublished = {\url{https://safecurves.cr.yp.to/}},
	note = {Accessed: 2018-04-03}
}

@inproceedings{jager2015practical,
	title={Practical invalid curve attacks on {TLS-ECDH}},
	author={T Jager et al.},
	booktitle={European Symposium on Research in Computer Security 2015},
	pages={407--425},
	organization={Springer}
}

@misc{estonia,
	title = {Cybernetica Case Study: Solving the {E}stonian {ID}-card Case},
	howpublished = {\url{https://cyber.ee/en/news/cybernetica-case-study-solving-the-estonian-id-card-case/}},
	note = {Accessed: 2018-04-03}
}

@inproceedings{bernstein2015manipulate,
	title={How to Manipulate Curve Standards: A White Paper for the Black Hat http://bada55. cr. yp. to},
	author={DJ Bernstein et al.},
	booktitle={International Conference on Research in Security Standardisation},
	pages={109--139},
	year={2015},
	organization={Springer}
}

@inproceedings{nemec2017measuring,
	author = {Nemec, Matúš and Klinec, Dušan and Švenda, Petr and Sekan, Peter and Matyáš, Václav},
   address = {New York, NY, USA},
   booktitle = {Proceedings of the 33rd Annual Computer Security Applications Conference},
   doi = {http://dx.doi.org/10.1145/3134600.3134612},
   keywords = {RSA algorithm; cryptographic library; prime generation},
   howpublished = {elektronická verze "online"},
   language = {eng},
   location = {New York, NY, USA},
   isbn = {978-1-4503-5345-8},
   pages = {162-175},
   publisher = {ACM},
   title = {Measuring Popularity of Cryptographic Libraries in Internet-Wide Scans},
   url = {https://dl.acm.org/citation.cfm?id=3134612},
   year = {2017}
}

@Article{Bernstein2012,
	author=" DJ Bernstein et al.",
	title="High-speed high-security signatures",
	journal="Journal of Cryptographic Engineering",
	year="2012",
	month="Sep",
	day="01",
	volume="2",
	number="2",
	pages="77--89",
	abstract="This paper shows that a {\$}390 mass-market quad-core 2.4GHz Intel Westmere (Xeon E5620) CPU can create 109000 signatures per second and verify 71000 signatures per second on an elliptic curve at a 2128 security level. Public keys are 32 bytes, and signatures are 64 bytes. These performance figures include strong defenses against software side-channel attacks: there is no data flow from secret keys to array indices, and there is no data flow from secret keys to branch conditions.",
	issn="2190-8516",
	doi="10.1007/s13389-012-0027-1",
	url="https://doi.org/10.1007/s13389-012-0027-1"
}

@misc{DualEC,
	author = {DJ Bernstein et al.},
	title = {Dual {EC}: A Standardized Back Door},
	howpublished = {Cryptology ePrint Archive, Report 2015/767},
	year = {2015},
	note = {\url{https://eprint.iacr.org/2015/767}, Accessed: 2018-04-03},
}

M Sýs, V Maty{\'a}{\v{s}} (2016) Randomness Testing: Result Interpretation and Speed. 
In: Ryan P., Naccache D., Quisquater JJ. (eds) The New Codebreakers. 
Lecture Notes in Computer Science, vol 9100. Springer, Berlin, Heidelberg

SÝS, Marek, Zdenek RÍHA, Václav MATYÁŠ, Kinga MÁRTON a Alin
SUCIU. On the interpretation of results from the {NIST}
statistical test suite. Romanian Journal of Information Science
and Technology, Publishing House of the Romanian Academy, 2015,
roc. 18, c. 1, s. 18-32. ISSN 1453-8245.

Sýs M., Ríha Z. (2014) Faster Randomness Testing with the {NIST} Statistical Test Suite. 
In: Chakraborty R.S., Matyas V., Schaumont P. (eds)  Security, Privacy, and Applied Cryptography Engineering. SPACE 2014. 
Lecture Notes in Computer Science, vol 8804. Springer.


@inproceedings{2017-ccs-nemec,
	author = {Nemec, Matúš and Sýs, Marek and Švenda, Petr and Klinec, Dušan and Matyáš, Václav},
	Title         = {{The Return of Coppersmith's Attack: Practical Factorization of Widely Used RSA Moduli}},
	BookTitle     = {24th ACM CCS 2017},
	ISBN          = {978-1-4503-4946-8/17/10},
	Pages         = {1631-1648}
}

@inproceedings{2017-ccs-mavroudis,
	author = {Mavroudis, Vasilios and Cerulli, Andrea and Švenda, Petr and Cvrček, Daniel and Klinec, Dušan and Danezis, George},
   address = {Dallas, TX, USA},
   booktitle = {CCS '17: Proceedings of the 24th ACM SIGSAC Conference on Computer and Communications Security},
   doi = {http://dx.doi.org/10.1145/3133956.3133961},
   editor = {ACM},
   keywords = {cryptographic hardware; hardware trojans; backdoor-tolerance; secure architecture},
   howpublished = {elektronická verze "online"},
   language = {eng},
   location = {Dallas, TX, USA},
   isbn = {978-1-4503-4946-8},
   pages = {1583-1600},
   publisher = {ACM},
   title = {A Touch of Evil: High-Assurance Cryptographic Hardware from Untrusted Components},
   year = {2017}
}

@inproceedings{Young:1997:KUC:1754542.1754551,
	author = {A Young and M Yung},
	title = {Kleptography: Using Cryptography Against Cryptography},
	booktitle = {Proceedings of the 16th Annual International Conference on Theory and Application of Cryptographic Techniques},
	series = {EUROCRYPT'97},
	year = {1997},
	isbn = {3-540-62975-0},
	location = {Konstanz, Germany},
	pages = {62--74},
	numpages = {13},
	url = {http://dl.acm.org/citation.cfm?id=1754542.1754551},
	acmid = {1754551},
	publisher = {Springer-Verlag},
	address = {Berlin, Heidelberg},
	keywords = {Diffie-Hellman, RSA, SETUP mechanisms, black-box devices, cryptanalytic attacks, design and manufacturing of cryptographic devices and software, discrete log, information hiding, kleptography, leakage bandwidth, pseudorandomness, randomness, subliminal channels},
} 

@misc{smart_id_ee, 
	title={{SK-EID Smart ID Technical Overview}},
	howpublished = {\url{https://github.com/SK-EID/smart-id-documentation/wiki/Tehchnical-overview}},
	note = {Accessed: 2018-04-03},
	author={SK ID Solutions}
}

@misc{rfc3447,
	series =	{Request for Comments},
	number =	3447,
	howpublished =	{RFC 3447},
	publisher =	{RFC Editor},
	doi =		{10.17487/RFC3447},
	url =		{https://rfc-editor.org/rfc/rfc3447.txt},
	author =	{J Jonsson and B Kaliski},
	title =		{{Public-Key Cryptography Standards (PKCS) \#1: RSA Cryptography Specifications Version 2.1}},
	pagetotal =	72,
	year =		2003,
	month =		feb,
}

% BTC Schnorr multisig
@misc{cryptoeprint:2018:068,
	author = {G Maxwell et al.},
	title = {Simple {S}chnorr Multi-Signatures with Applications to {B}itcoin},
	howpublished = {Cryptology ePrint Archive, Report 2018/068},
	note = {\url{https://eprint.iacr.org/2018/068}, Accessed: 2018-04-03},
}

@misc{cryptoeprint:2015:996,
	author = {DJ Bernstein},
	title = {Multi-user Schnorr security, revisited},
	howpublished = {Cryptology ePrint Archive, Report 2015/996},
	year = {2015},
	note = {\url{https://eprint.iacr.org/2015/996}},
}

@inproceedings{Bellare:2006:MPP:1180405.1180453,
	author = {M Bellare and G Neven},
	title = {Multi-signatures in the Plain public-Key Model and a General Forking Lemma},
	booktitle = {Proceedings of the 13th ACM CCS},
	series = {CCS '06},
	year = {2006},
	isbn = {1-59593-518-5},
	location = {Alexandria, Virginia, USA},
	pages = {390--399},
	numpages = {10},
	url = {http://doi.acm.org/10.1145/1180405.1180453},
	doi = {10.1145/1180405.1180453},
	acmid = {1180453},
	publisher = {ACM},
	address = {New York, NY, USA},
	keywords = {cryptography, digital signatures, forking lemma, multi-signatures},
} 

@inproceedings{Bellare:2007:UAS:2394539.2394589,
	author = {M Bellare et al.},
	title = {Unrestricted Aggregate Signatures},
	booktitle = {34th International Conference on Automata, Languages and Programming 2007},
	isbn = {3-540-73419-8, 978-3-540-73419-2},
	location = {Wroc\&\#322;aw, Poland},
	pages = {411--422},
	numpages = {12},
	url = {http://dl.acm.org/citation.cfm?id=2394539.2394589},
	acmid = {2394589},
	publisher = {Springer},
} 

@InProceedings{10.1007/3-540-36288-6_3,
	author="A Boldyreva",
	editor="Desmedt, Yvo G.",
	title="Threshold Signatures, Multisignatures and Blind Signatures Based on the Gap-Diffie-Hellman-Group Signature Scheme",
	booktitle="Public Key Cryptography --- PKC 2003",
	year="2002",
	publisher="Springer Berlin Heidelberg",
	address="Berlin, Heidelberg",
	pages="31--46",
	isbn="978-3-540-36288-3"
}

% Monero Bulletproof

@misc{Bnz2017BulletproofsSP,
    author = {B B{\"{u}}nz et al.},
    title = {Bulletproofs: Short Proofs for Confidential Transactions and More},
    howpublished = {Cryptology ePrint Archive, Report 2017/1066},
    note = {\url{https://eprint.iacr.org/2017/1066}, Accessed: 2018-04-03},
}

@misc{borromean,
	author = {G Maxwell and A Poelstra},
	title = {{Borromean Ring Signatures}},
	howpublished = {GitHub/Blockstream/Borromean},
	year = {2016},
	note = {\url{https://github.com/Blockstream/borromean_paper/blob/master/borromean_draft_0.01_9ade1e49.pdf}},
}

% Schnorr
@InProceedings{schnor-10.1007/3-540-46885-4_68,
	author="CP Schnorr",
	editor="Quisquater, Jean-Jacques
	and Vandewalle, Joos",
	title="Efficient Identification and Signatures for Smart Cards",
	booktitle="Advances in Cryptology --- EUROCRYPT '89",
	year="1990",
	publisher="Springer Berlin Heidelberg",
	address="Berlin, Heidelberg",
	pages="688--689",
	isbn="978-3-540-46885-1"
}

@misc{monero_1098,
	author = {S Noether},
	title = {Ring Signature Confidential Transactions for Monero},
	howpublished = {Cryptology ePrint Archive, Report 2015/1098},
	year = {2015},
	note = {\url{http://eprint.iacr.org/2015/1098}},
}

@misc{cryptoeprint:2009:258,
	author = {R Cosset},
	title = {FACTORIZATION WITH GENUS 2 CURVES},
	howpublished = {Cryptology ePrint Archive, Report 2009/258},
	year = {2009},
	note = {\url{https://eprint.iacr.org/2009/258}},
}

@InProceedings{10.1007/3-540-44647-8_11,
	author="RP Gallant et al.",
	title="Faster Point Multiplication on Elliptic Curves with Efficient Endomorphisms",
	booktitle="CRYPTO 2001",
	publisher="Springer",
	pages="190--200",
	abstract="The fundamental operation in elliptic curve cryptographic schemes is the multiplication of an elliptic curve point by an integer. This paper describes a new method for accelerating this operation on classes of elliptic curves that have efficiently-computable endomorphisms. One advantage of the new method is that it is applicable to a larger class of curves than previous such methods. For this special class of curves, a speedup of up to 50{\%} can be expected over the best general methods for point multiplication.",
	isbn="978-3-540-44647-7"
}

% Garbled circuits
@INPROCEEDINGS{yao82,
	author = {AC Yao},
	booktitle = {23rd Annual Symposium on Foundations of Computer Science},
	title = {Protocols for secure computations},
	year = {1982},
	number = {},
	pages = {160-164},
	keywords={},
	doi = {10.1109/SFCS.1982.88},
	url = {doi.ieeecomputersociety.org/10.1109/SFCS.1982.88},
	ISSN = {0272-5428},
    publisher = {IEEE},
}

@inproceedings{Yao:1986:GES:1382439.1382944,
	author = {AC Yao},
	title = {How to Generate and Exchange Secrets},
	booktitle = {Proceedings of the 27th Annual Symposium on Foundations of Computer Science},
	series = {SFCS '86},
	year = {1986},
	isbn = {0-8186-0740-8},
	pages = {162--167},
	numpages = {6},
	url = {https://doi.org/10.1109/SFCS.1986.25},
	doi = {10.1109/SFCS.1986.25},
	acmid = {1382944},
	publisher = {IEEE Computer Society},
	address = {Washington, DC, USA},
} 

@inproceedings{Wang:2017:AGE:3133956.3134053,
	author = {X Wang et al.},
	title = {Authenticated Garbling and Efficient Maliciously Secure Two-Party Computation},
	booktitle = {24th ACM CCS, 2017},
	series = {CCS '17},
	year = {2017},
	isbn = {978-1-4503-4946-8},
	pages = {21--37},
	numpages = {17},
	url = {http://doi.acm.org/10.1145/3133956.3134053},
	doi = {10.1145/3133956.3134053},
	acmid = {3134053},
	publisher = {ACM},
	address = {New York, NY, USA},
	keywords = {garbled circuit, secure computation, two-party computation},
}

% TinyGarble
@inproceedings{conf/sp/SonghoriHS0K15,
	added-at = {2016-05-10T00:00:00.000+0200},
	author = {EM Songhori et al.},
	biburl = {https://www.bibsonomy.org/bibtex/2bd121f2e51bf9ade13ff86cd905344b0/dblp},
	booktitle = {IEEE Symposium on Security and Privacy 2015},
	ee = {http://doi.ieeecomputersociety.org/10.1109/SP.2015.32},
	interhash = {a78103b479b8080772286ea8a521078b},
	intrahash = {bd121f2e51bf9ade13ff86cd905344b0},
	isbn = {978-1-4673-6949-7},
	keywords = {dblp},
	pages = {411-428},
	publisher = {IEEE Computer Society},
	timestamp = {2016-05-11T11:40:24.000+0200},
	title = {TinyGarble: Highly Compressed and Scalable Sequential Garbled Circuits.},
	url = {http://dblp.uni-trier.de/db/conf/sp/sp2015.html#SonghoriHS0K15},
}

@inproceedings{Goldwasser:2013:RGC:2488608.2488678,
	author = {S Goldwasser et al.},
	title = {Reusable Garbled Circuits and Succinct Functional Encryption},
	booktitle = {Proceedings of the Forty-fifth Annual ACM Symposium on Theory of Computing},
	series = {STOC '13},
	year = {2013},
	isbn = {978-1-4503-2029-0},
	location = {Palo Alto, California, USA},
	pages = {555--564},
	numpages = {10},
	url = {http://doi.acm.org/10.1145/2488608.2488678},
	doi = {10.1145/2488608.2488678},
	acmid = {2488678},
	publisher = {ACM},
	address = {New York, NY, USA},
	keywords = {functional encryption, obfuscation, reusable garbled circuits},
} 

@inproceedings{Malkhi:2004:FST:1251375.1251395,
  title={Fairplay-Secure Two-Party Computation System.},
  author={D Malkhi et al.},
  booktitle={The 13th USENIX Security Symposium 2004},
  volume={4},
  pages={9},
}

@InProceedings{10.1007/978-3-540-70583-3_40,
	author="V Kolesnikov and T Schneider",
	editor="Aceto, Luca and Damg{\aa}rd, Ivan and Goldberg, Leslie Ann and Halld{\'o}rsson, Magn{\'u}s M. and Ing{\'o}lfsd{\'o}ttir, Anna and Walukiewicz, Igor",
	title="Improved Garbled Circuit: Free XOR Gates and Applications",
	booktitle="Automata, Languages and Programming",
	year="2008",
	publisher="Springer Berlin Heidelberg",
	address="Berlin, Heidelberg",
	pages="486--498",
	isbn="978-3-540-70583-3"
}

@inproceedings{Bellare:2012:FGC:2382196.2382279,
	author = {M Bellare et al.},
	title = {Foundations of Garbled Circuits},
	booktitle = {Proceedings of the 2012 ACM CCS},
	series = {CCS '12},
	year = {2012},
	isbn = {978-1-4503-1651-4},
	location = {Raleigh, North Carolina, USA},
	pages = {784--796},
	numpages = {13},
	url = {http://doi.acm.org/10.1145/2382196.2382279},
	doi = {10.1145/2382196.2382279},
	acmid = {2382279},
	publisher = {ACM},
	address = {New York, NY, USA},
	keywords = {garbled circuits, garbling schemes, provable security, secure function evaluation, yao's protocol},
} 

% FHE
@InProceedings{10.1007/978-3-642-40041-4_5,
	author="C Gentry et al.",
	title="Homomorphic Encryption from Learning with Errors: Conceptually-Simpler, Asymptotically-Faster, Attribute-Based",
	booktitle="CRYPTO 2013",
	publisher="Springer",
	pages="75--92",
	isbn="978-3-642-40041-4"
}

@misc{cryptoeprint:2014:148,
	author = {C Gentry et al.},
	title = {Outsourcing Private RAM Computation},
	howpublished = {Cryptology ePrint Archive, Report 2014/148},
	year = {2014},
	note = {\url{https://eprint.iacr.org/2014/148}},
}

@inproceedings{Gentry:2009:FHE:1536414.1536440,
	author = {C Gentry},
	title = {Fully Homomorphic Encryption Using Ideal Lattices},
	booktitle = {Proceedings of the Forty-first Annual ACM Symposium on Theory of Computing},
	series = {STOC '09},
	year = {2009},
	isbn = {978-1-60558-506-2},
	location = {Bethesda, MD, USA},
	pages = {169--178},
	numpages = {10},
	url = {http://doi.acm.org/10.1145/1536414.1536440},
	doi = {10.1145/1536414.1536440},
	acmid = {1536440},
	publisher = {ACM},
	address = {New York, NY, USA},
	keywords = {fully homomorphic encryption},
} 

@InProceedings{10.1007/978-3-642-13190-5_2,
	author="M van Dijk, Marten et al.",
	editor="Gilbert, Henri",
	title="Fully Homomorphic Encryption over the Integers",
	booktitle="EUROCRYPT 2010",
	year="2010",
	publisher="Springer Berlin Heidelberg",
	address="Berlin, Heidelberg",
	pages="24--43",
	isbn="978-3-642-13190-5"
}

% Privacy
@inproceedings{Naor:1999:PPA:336992.337028,
	author = {M Naor et al.},
	title = {Privacy Preserving Auctions and Mechanism Design},
	booktitle = {1st ACM Conference on Electronic Commerce 1999},
	isbn = {1-58113-176-3},
	location = {Denver, Colorado, USA},
	pages = {129--139},
	numpages = {11},
	url = {http://doi.acm.org/10.1145/336992.337028},
	doi = {10.1145/336992.337028},
	acmid = {337028},
} 

@inproceedings{Goldwasser:2008:OP:1429103.1429108,
	author = {S Goldwasser et al.},
	title = {One-Time Programs},
	booktitle = {Proceedings of the 28th Annual Conference on Cryptology: Advances in Cryptology},
	series = {CRYPTO 2008},
	year = {2008},
	isbn = {978-3-540-85173-8},
	location = {Santa Barbara, CA, USA},
	pages = {39--56},
	numpages = {18},
	url = {http://dx.doi.org/10.1007/978-3-540-85174-5_3},
	doi = {10.1007/978-3-540-85174-5_3},
	acmid = {1429108},
	publisher = {Springer-Verlag},
	address = {Berlin, Heidelberg},
} 

% ORAM
@article{article,
	author = {D Boneh et al.},
	year = {2011},
	month = {03},
	pages = {},
	title = {Remote Oblivious Storage: Making Oblivious RAM Practical}
}

% State of the art ORAM
@inproceedings{Doerner:2017:SOS:3133956.3133967,
	author = {J Doerner and A Shelat},
	title = {Scaling ORAM for Secure Computation},
	booktitle = {24th ACM CCS, 2017},
	series = {CCS '17},
	year = {2017},
	isbn = {978-1-4503-4946-8},
	location = {USA},
	pages = {523--535},
	numpages = {13},
	url = {http://doi.acm.org/10.1145/3133956.3133967},
	doi = {10.1145/3133956.3133967},
	acmid = {3133967},
	publisher = {ACM},
	address = {New York, NY, USA},
} 

% Circuit ORAM
@inproceedings{Wang:2015:COT:2810103.2813634,
	author = {X Wang et al.},
	title = {Circuit ORAM: On Tightness of the Goldreich-Ostrovsky Lower Bound},
	booktitle = {22nd ACM CCS, 2015},
	series = {CCS '15},
	year = {2015},
	isbn = {978-1-4503-3832-5},
	location = {USA},
	pages = {850--861},
	numpages = {12},
	url = {http://doi.acm.org/10.1145/2810103.2813634},
	doi = {10.1145/2810103.2813634},
	acmid = {2813634},
	publisher = {ACM},
	address = {New York, NY, USA},
	keywords = {oblivious RAM, secure computation},
} 

% ORAM founding paper
@article{Goldreich:1996:SPS:233551.233553,
	author = {O Goldreich and R Ostrovsky},
	title = {Software Protection and Simulation on Oblivious RAMs},
	journal = {J. ACM},
	issue_date = {May 1996},
	volume = {43},
	number = {3},
	month = may,
	year = {1996},
	issn = {0004-5411},
	pages = {431--473},
	numpages = {43},
	url = {http://doi.acm.org/10.1145/233551.233553},
	doi = {10.1145/233551.233553},
	acmid = {233553},
	publisher = {ACM},
	address = {New York, NY, USA},
	keywords = {pseudorandom functions, simulation of random access machines, software protection},
} 

% privacy preserving DB
@Inbook{Bertino2005,
	author="E Bertino et al.",
	editor="A Aldini et al.",
	title="Privacy-Preserving Database Systems -- Chapter in: Foundations of Security Analysis and Design III",
	bookTitle="Foundations of Security Analysis and Design III: FOSAD 2004/2005 Tutorial Lectures",
	year="2005",
	publisher="Springer",
	pages="178--206",
	isbn="978-3-540-31936-8",
	doi="10.1007/11554578_6",
	url="https://doi.org/10.1007/11554578_6"
}

@article{Aldeen2015,
  title={A comprehensive review on privacy preserving data mining},
  author={YAAS Aldeen et al.},
  journal={SpringerPlus},
  volume={4},
  number={1},
  pages={694},
  year={2015},
  publisher={Nature Publishing Group}
}

% HW tokens
@InProceedings{10.1007/978-3-642-19074-2_1,
	author="M Fischlin et al.",
	title="Secure Set Intersection with Untrusted Hardware Tokens",
	booktitle="Topics in Cryptology -- CT-RSA",
	year="2011",
	publisher="Springer",
	pages="1--16",
	abstract="Secure set intersection protocols are the core building block for a manifold of privacy-preserving applications.",
	isbn="978-3-642-19074-2"
}

@inproceedings{Boureanu:2015:LCC:2714576.2714591,
	author = {I Boureanu et al.},
	title = {The Limits of Composable Crypto with Transferable Setup Devices},
	booktitle = {10th ACM CCS 2015},
	isbn = {978-1-4503-3245-3},
	location = {Singapore, Republic of Singapore},
	pages = {381--392},
	numpages = {12},
	url = {http://doi.acm.org/10.1145/2714576.2714591},
	doi = {10.1145/2714576.2714591},
	acmid = {2714591},
	keywords = {physically unclonable functions, relay attacks, universal comparability},
} 

@misc{cryptoeprint:2016:615,
	author = {J Mechler et al.},
	title = {Universally Composable (Non-Interactive) Two-Party Computation from Untrusted Reusable Hardware Tokens},
	howpublished = {Cryptology ePrint Archive, Report 2016/615},
	note = {\url{https://eprint.iacr.org/2016/615}, Accessed: 2018-04-03},
}

@InProceedings{10.1007/978-3-662-53641-4_15,
	author="C Hazay et al.",
	title="Composable Security in the Tamper-Proof Hardware Model Under Minimal Complexity",
	booktitle="Theory of Cryptography",
	year="2016",
	publisher="Springer Berlin Heidelberg",
	address="Berlin, Heidelberg",
	pages="367--399",
	isbn="978-3-662-53641-4"
}

@article{semaev1996computing,
  title={On computing logarithms on elliptic curves},
  author={IA Semaev},
  journal={Discrete Mathematics and Applications},
  volume={6},
  number={1},
  pages={69--76},
  year={1996},
  publisher={Walter de Gruyter, Berlin/New York}
}

@article{frey1994remark,
  title={A remark concerning -divisibility and the discrete logarithm in the divisor class group of curves},
  author={G Freyand and H-G R{\"u}ck},
  journal={Mathematics of computation},
  volume={62},
  number={206},
  pages={865--874},
  year={1994}
}

@article{menezes1993reducing,
  title={Reducing elliptic curve logarithms to logarithms in a finite field},
  author={AJ Menezes et al.},
  journal={IEEE Transactions on information Theory},
  volume={39},
  number={5},
  pages={1639--1646},
  year={1993},
  publisher={IEEE}
}

@article{semaev1998evaluation,
  title={Evaluation of discrete logarithms in a group of $p$-torsion points of an elliptic curve in characteristic $p$},
  author={IA Semaev},
  journal={Mathematics of Computation of the American Mathematical Society},
  volume={67},
  number={221},
  pages={353--356},
  year={1998}
}

@article{satoh1998fermat,
  title={Fermat quotients and the polynomial time discrete log algorithm for anomalous elliptic curves},
  author={T Satoh et al.},
  journal={Rikkyo Daigaku sugaku zasshi},
  volume={47},
  number={1},
  pages={81--92},
  year={1998}
}

@article{smart1999discrete,
  title={The discrete logarithm problem on elliptic curves of trace one},
  author={NP Smart},
  journal={Journal of cryptology},
  volume={12},
  number={3},
  pages={193--196},
  year={1999},
  publisher={Springer}
}

@inproceedings{fouque2008fault,
  title={Fault attack on elliptic curve Montgomery ladder implementation},
  author={P-A Fouque et al.},
  booktitle={Fault Diagnosis and Tolerance in Cryptography, 2008},
  pages={92--98},
  organization={IEEE}
}

@inproceedings{lim1997key,
  title={A key recovery attack on discrete log-based schemes using a prime order subgroup},
  author={CH Lim and PJ Lee},
  booktitle={CRYPTO 1997},
  pages={249--263},
  organization={Springer}
}

@inproceedings{biehl2000differential,
  title={Differential fault attacks on elliptic curve cryptosystems},
  author={I Biehl et al.},
  booktitle={CRYPTO 2000},
  pages={131--146},
  organization={Springer}
}


@inproceedings{DBLP:conf/ccs/TsaiWY17,
  author    = {M-H Tsai et al.},
  title     = {Certified Verification of Algebraic Properties on Low-Level Mathematical
               Constructs in Cryptographic Programs},
  booktitle = {24th {ACM} {CCS} 2017},
  pages     = {1973--1987},
  crossref  = {DBLP:conf/ccs/2017},
  url       = {http://doi.acm.org/10.1145/3133956.3134076},
  doi       = {10.1145/3133956.3134076},
  timestamp = {Sat, 28 Oct 2017 18:38:40 +0200},
  biburl    = {https://dblp.org/rec/bib/conf/ccs/TsaiWY17},
  bibsource = {dblp computer science bibliography, https://dblp.org}
}

@inproceedings{DBLP:conf/ccs/ChenHLSTWYY14,
  author    = {Y-F Chen et al.},
  title     = {Verifying {C}urve25519 Software},
  booktitle = {21st {ACM} {CCS} 2014},
  pages     = {299--309},
  crossref  = {DBLP:conf/ccs/2014},
  url       = {http://doi.acm.org/10.1145/2660267.2660370},
  doi       = {10.1145/2660267.2660370},
  timestamp = {Mon, 10 Nov 2014 11:16:16 +0100},
  biburl    = {https://dblp.org/rec/bib/conf/ccs/ChenHLSTWYY14},
  bibsource = {dblp computer science bibliography, https://dblp.org}
}

@inproceedings{DBLP:conf/asiacrypt/BernsteinCCCHLS13,
  author    = {DJ Bernstein et al.},
  title     = {Factoring {RSA} Keys from Certified Smart Cards: Coppersmith in the
               Wild},
  booktitle = {{ASIACRYPT} 2013},
  pages     = {341--360},
  crossref  = {DBLP:conf/asiacrypt/2013-2},
  url       = {https://doi.org/10.1007/978-3-642-42045-0_18},
  doi       = {10.1007/978-3-642-42045-0_18},
  timestamp = {Mon, 25 Sep 2017 10:36:35 +0200},
  biburl    = {https://dblp.org/rec/bib/conf/asiacrypt/BernsteinCCCHLS13},
  bibsource = {dblp computer science bibliography, https://dblp.org}
}

@inproceedings{2017-acsac-nemec,
  author = {Nemec, Matus and Klinec, Dusan and Svenda, Petr and Sekan, Peter and Matyas, Vashek},
  title = {Measuring Popularity of Cryptographic Libraries in Internet-Wide Scans},
  booktitle = {Proceedings of the 33rd Annual Computer Security Applications Conference},
  series = {ACSAC 2017},
  year = {2017},
  isbn = {978-1-4503-5345-8},
  pages = {162--175},
  url = {http://doi.acm.org/10.1145/3134600.3134612},
  doi = {10.1145/3134600.3134612},
  publisher = {ACM}
}

@inbook{wsnprotectlayer,
   author = {Matyáš, Václav and Švenda, Petr and Stetsko, Andriy and Klinec, Dušan and Jurnečka, Filip and Stehlík, Martin},
   address = {USA},
   booktitle = {Securing Cyber-Physical Systems},
   editor = {Al-Sakib Khan Pathan},
   keywords = {security; privacy; ad hoc network; wireless sensor network; cryptography; intrusion detection},
   howpublished = {tištěná verze "print"},
   language = {eng},
   location = {USA},
   isbn = {978-1-4987-0098-6},
   pages = {119-162},
   publisher = {CRC Press},
   title = {WSNProtectLayer – security middleware for wireless sensor networks},
   url = {https://www.crcpress.com/Securing-Cyber-Physical-Systems/Pathan/9781498700986},
   year = {2015}
}


@InProceedings{10.1007/978-3-540-30580-4_2,
author="Bleichenbacher, Daniel",
editor="Vaudenay, Serge",
title="Breaking a Cryptographic Protocol with Pseudoprimes",
booktitle="Public Key Cryptography - PKC 2005",
year="2005",
publisher="Springer Berlin Heidelberg",
address="Berlin, Heidelberg",
pages="9--15",
abstract="The Miller-Rabin pseudo primality test is widely used in cryptographic libraries, because of its apparent simplicity. But the test is not always correctly implemented. For example the pseudo primality test in GNU Crypto 1.1.0 uses a fixed set of bases. This paper shows how this flaw can be exploited to break the SRP implementation in GNU Crypto. The attack is demonstrated by explicitly constructing pseudoprimes that satisfy the parameter checks in SRP and that allow a dictionary attack. This dictionary attack would not be possible if the pseudo primality test were correctly implemented.",
isbn="978-3-540-30580-4"
}

@inproceedings{whitebox_klinec_santacrypt2013,
   author = {Klinec, Dušan},
   address = {Bílovice nad Svitavou},
   booktitle = {Santa's Crypto Get-Together 2013},
   keywords = {white-box attack resistant cryptography;AES;mobile cryptography},
   howpublished = {tištěná verze "print"},
   language = {eng},
   location = {Bílovice nad Svitavou},
   isbn = {978-80-904257-5-0},
   pages = {73-74},
   publisher = {Trusted Network Solutions},
   title = {Whitebox attack resistant cryptography},
   year = {2013}
}

@MastersThesis{Klinec2013thesis,
AUTHOR = "KLINEC, Dušan",
TITLE = "White-box attack resistant cryptography",
YEAR = "2013 [cit. 2018-07-30]",
TYPE = "Master's thesis", 
SCHOOL = "Masaryk University, Faculty of Informatics, Brno",
SUPERVISOR = "Petr Švenda", 
URL = "Available from WWW <https://is.muni.cz/th/r0cfw/>",
}


@inproceedings{Yao86,%Yao:1986:GES:1382439.1382944,
 author = {Yao, Andrew Chi-Chih},
 title = {How to Generate and Exchange Secrets},
 booktitle = {Proceedings of the 27th Annual Symposium on Foundations of Computer Science},
 series = {SFCS '86},
 year = {1986},
 isbn = {0-8186-0740-8},
 pages = {162--167},
 numpages = {6},
 url = {https://doi.org/10.1109/SFCS.1986.25},
 doi = {10.1109/SFCS.1986.25},
 acmid = {1382944},
 publisher = {IEEE Computer Society},
 address = {Washington, DC, USA},
} 

@inproceedings{GMW87,%Goldreich:1987:PAM:28395.28420,
 author = {Goldreich, O. and Micali, S. and Wigderson, A.},
 title = {How to Play ANY Mental Game},
 booktitle = {Proceedings of the Nineteenth Annual ACM Symposium on Theory of Computing},
 series = {STOC '87},
 year = {1987},
 isbn = {0-89791-221-7},
 location = {New York, New York, USA},
 pages = {218--229},
 numpages = {12},
 url = {http://doi.acm.org/10.1145/28395.28420},
 doi = {10.1145/28395.28420},
 acmid = {28420},
 publisher = {ACM},
 address = {New York, NY, USA},
} 

@inproceedings{BGW88,%Ben-Or:1988:CTN:62212.62213,
 author = {Ben-Or, Michael and Goldwasser, Shafi and Wigderson, Avi},
 title = {Completeness Theorems for Non-cryptographic Fault-tolerant Distributed Computation},
 booktitle = {Proceedings of the Twentieth Annual ACM Symposium on Theory of Computing},
 series = {STOC '88},
 year = {1988},
 isbn = {0-89791-264-0},
 location = {Chicago, Illinois, USA},
 pages = {1--10},
 numpages = {10},
 url = {http://doi.acm.org/10.1145/62212.62213},
 doi = {10.1145/62212.62213},
 acmid = {62213},
 publisher = {ACM},
 address = {New York, NY, USA},
} 

@inproceedings{CCD88,%Chaum:1988:MUS:62212.62214,
 author = {Chaum, David and Cr{\'e}peau, Claude and Damg{\aa}rd, Ivan},
 title = {Multiparty Unconditionally Secure Protocols},
 booktitle = {Proceedings of the Twentieth Annual ACM Symposium on Theory of Computing},
 series = {STOC '88},
 year = {1988},
 isbn = {0-89791-264-0},
 location = {Chicago, Illinois, USA},
 pages = {11--19},
 numpages = {9},
 url = {http://doi.acm.org/10.1145/62212.62214},
 doi = {10.1145/62212.62214},
 acmid = {62214},
 publisher = {ACM},
 address = {New York, NY, USA},
} 

@inproceedings{BB89,%Bar-Ilan:1989:NFC:72981.72995,
 author = {Bar-Ilan, J. and Beaver, D.},
 title = {Non-cryptographic Fault-tolerant Computing in Constant Number of Rounds of Interaction},
 booktitle = {Proceedings of the Eighth Annual ACM Symposium on Principles of Distributed Computing},
 series = {PODC '89},
 year = {1989},
 isbn = {0-89791-326-4},
 location = {Edmonton, Alberta, Canada},
 pages = {201--209},
 numpages = {9},
 url = {http://doi.acm.org/10.1145/72981.72995},
 doi = {10.1145/72981.72995},
 acmid = {72995},
 publisher = {ACM},
 address = {New York, NY, USA},
} 

@inproceedings{BMR90,%Beaver:1990:RCS:100216.100287,
 author = {Beaver, D. and Micali, S. and Rogaway, P.},
 title = {The Round Complexity of Secure Protocols},
 booktitle = {Proceedings of the Twenty-second Annual ACM Symposium on Theory of Computing},
 series = {STOC '90},
 year = {1990},
 isbn = {0-89791-361-2},
 location = {Baltimore, Maryland, USA},
 pages = {503--513},
 numpages = {11},
 url = {http://doi.acm.org/10.1145/100216.100287},
 doi = {10.1145/100216.100287},
 acmid = {100287},
 publisher = {ACM},
 address = {New York, NY, USA},
} 

@InProceedings{Cha90,%10.1007/0-387-34805-0_52,
author="Chaum, David",
editor="Brassard, Gilles",
title="The Spymasters Double-Agent Problem",
booktitle="Advances in Cryptology --- CRYPTO' 89 Proceedings",
year="1990",
publisher="Springer New York",
address="New York, NY",
pages="591--602",
isbn="978-0-387-34805-6"
}

@inproceedings{NPS99,%Naor:1999:PPA:336992.337028,
 author = {Naor, Moni and Pinkas, Benny and Sumner, Reuban},
 title = {Privacy Preserving Auctions and Mechanism Design},
 booktitle = {Proceedings of the 1st ACM Conference on Electronic Commerce},
 series = {EC '99},
 year = {1999},
 isbn = {1-58113-176-3},
 location = {Denver, Colorado, USA},
 pages = {129--139},
 numpages = {11},
 url = {http://doi.acm.org/10.1145/336992.337028},
 doi = {10.1145/336992.337028},
 acmid = {337028},
 publisher = {ACM},
 address = {New York, NY, USA},
} 

@inproceedings{IK00,%Ishai:2000:RPN:795666.796556,
 author = {Ishai, Y. and Kushilevitz, E.},
 title = {Randomizing Polynomials: A New Representation with Applications to Round-efficient Secure Computation},
 booktitle = {Proceedings of the 41st Annual Symposium on Foundations of Computer Science},
 series = {FOCS '00},
 year = {2000},
 isbn = {0-7695-0850-2},
 pages = {294--},
 url = {http://dl.acm.org/citation.cfm?id=795666.796556},
 acmid = {796556},
 publisher = {IEEE Computer Society},
 address = {Washington, DC, USA},
 keywords = {Boolean functions, branching program, communication complexity, degree-3 polynomials, low-degree polynomials, natural representation, polynomials, probability, protocols, randomizing polynomials, round-efficient secure computation, round-efficient secure protocols, secure multi-party computation},
} 


@inproceedings{Can01,%Canetti:2001:UCS:874063.875553,
 author = {Canetti, R.},
 title = {Universally Composable Security: A New Paradigm for Cryptographic Protocols},
 booktitle = {Proceedings of the 42Nd IEEE Symposium on Foundations of Computer Science},
 series = {FOCS '01},
 year = {2001},
 isbn = {0-7695-1390-5},
 pages = {136--},
 url = {http://dl.acm.org/citation.cfm?id=874063.875553},
 acmid = {875553},
 publisher = {IEEE Computer Society},
 address = {Washington, DC, USA},
 keywords = {cryptographic protocols, security analysis of protocols, concurrent composition},
} 

@inproceedings{CD01,%Cramer:2001:SDL:646766.704286,
 author = {Cramer, Ronald and Damg{\aa}rd, Ivan},
 title = {Secure Distributed Linear Algebra in a Constant Number of Rounds},
 booktitle = {Proceedings of the 21st Annual International Cryptology Conference on Advances in Cryptology},
 series = {CRYPTO '01},
 year = {2001},
 isbn = {3-540-42456-3},
 pages = {119--136},
 numpages = {18},
 url = {http://dl.acm.org/citation.cfm?id=646766.704286},
 acmid = {704286},
 publisher = {Springer-Verlag},
 address = {London, UK, UK},
} 

@inproceedings{IK02,%Ishai:2002:PCS:646255.684418,
 author = {Ishai, Yuval and Kushilevitz, Eyal},
 title = {Perfect Constant-Round Secure Computation via Perfect Randomizing Polynomials},
 booktitle = {Proceedings of the 29th International Colloquium on Automata, Languages and Programming},
 series = {ICALP '02},
 year = {2002},
 isbn = {3-540-43864-5},
 pages = {244--256},
 numpages = {13},
 url = {http://dl.acm.org/citation.cfm?id=646255.684418},
 acmid = {684418},
 publisher = {Springer-Verlag},
 address = {Berlin, Heidelberg},
} 

@inproceedings{CLOS02,%Canetti:2002:UCT:509907.509980,
 author = {Canetti, Ran and Lindell, Yehuda and Ostrovsky, Rafail and Sahai, Amit},
 title = {Universally Composable Two-party and Multi-party Secure Computation},
 booktitle = {Proceedings of the Thiry-fourth Annual ACM Symposium on Theory of Computing},
 series = {STOC '02},
 year = {2002},
 isbn = {1-58113-495-9},
 location = {Montreal, Quebec, Canada},
 pages = {494--503},
 numpages = {10},
 url = {http://doi.acm.org/10.1145/509907.509980},
 doi = {10.1145/509907.509980},
 acmid = {509980},
 publisher = {ACM},
 address = {New York, NY, USA}, %comp, dishonest majority
} 

@InProceedings{GIKR04,%10.1007/3-540-45708-9_12,
author="Gennaro, Rosario
and Ishai, Yuval
and Kushilevitz, Eyal
and Rabin, Tal",
editor="Yung, Moti",
title="On 2-Round Secure Multiparty Computation",
booktitle="Advances in Cryptology --- CRYPTO 2002",
year="2002",
publisher="Springer Berlin Heidelberg",
address="Berlin, Heidelberg",
pages="178--193",
abstract="Substantial efforts have been spent on characterizing the round complexity of various cryptographic tasks. In this work we study the round complexity of secure multiparty computation in the presence of an active (Byzantine) adversary, assuming the availability of secure point-to-point channels and a broadcast primitive. It was recently shown that in this setting three rounds are sufficient for arbitrary secure computation tasks, with a linear security threshold, and two rounds are sufficient for certain nontrivial tasks. This leaves open the question whether every function can be securely computed in two rounds. We show that the answer to this question is ``no'': even some very simple functions do not admit secure 2-round protocols (independently of their communication and time complexity) and thus 3 is the exact round complexity of general secure multiparty computation. Yet, we also present some positive results by identifying a useful class of functions which can be securely computed in two rounds. Our results apply both to the information-theoretic and to the computational notions of security.",
isbn="978-3-540-45708-4"
}



@misc{CKL04,%cryptoeprint:2004:116,
    author = {Ran Canetti and Eyal Kushilevitz and Yehuda Lindell},
    title = {On the Limitations of Universally Composable Two-Party Computation Without Set-up Assumptions},
    howpublished = {Cryptology ePrint Archive, Report 2004/116},
    year = {2004},
    note = {\url{https://eprint.iacr.org/2004/116}},
}

@article{AIK04,%Applebaum:2006:CN:1328008.1328015,
 author = {Applebaum, Benny and Ishai, Yuval and Kushilevitz, Eyal},
 title = {Cryptography in \$NC^0\$},
 journal = {SIAM J. Comput.},
 issue_date = {December 2006},
 volume = {36},
 number = {4},
 month = dec,
 year = {2006},
 issn = {0097-5397},
 pages = {845--888},
 numpages = {44},
 url = {http://dx.doi.org/10.1137/S0097539705446950},
 doi = {10.1137/S0097539705446950},
 acmid = {1328015},
 publisher = {Society for Industrial and Applied Mathematics},
 address = {Philadelphia, PA, USA},
 keywords = {\$\NC^0\$, constant depth circuits, cryptographic primitives, cryptography, one-way function, pseudo-random generator, randomizing polynomials},%randomized encodings IK00, IK02 extension
} 

@inproceedings{LP07,%Lindell:2007:EPS:1419582.1419586, cut-and-choose
 author = {Lindell, Yehuda and Pinkas, Benny},
 title = {An Efficient Protocol for Secure Two-Party Computation in the Presence of Malicious Adversaries},
 booktitle = {Proceedings of the 26th Annual International Conference on Advances in Cryptology},
 series = {EUROCRYPT '07},
 year = {2007},
 isbn = {978-3-540-72539-8},
 location = {Barcelona, Spain},
 pages = {52--78},
 numpages = {27},
 url = {http://dx.doi.org/10.1007/978-3-540-72540-4_4},
 doi = {10.1007/978-3-540-72540-4_4},
 acmid = {1419586},
 publisher = {Springer-Verlag},
 address = {Berlin, Heidelberg},
} 

@InProceedings{KMR14,%10.1007/978-3-662-44381-1_25,
author="Kolesnikov, Vladimir
and Mohassel, Payman
and Rosulek, Mike",
editor="Garay, Juan A.
and Gennaro, Rosario",
title="FleXOR: Flexible Garbling for XOR Gates That Beats Free-XOR",
booktitle="Advances in Cryptology -- CRYPTO 2014",
year="2014",
publisher="Springer Berlin Heidelberg",
address="Berlin, Heidelberg",
pages="440--457",
isbn="978-3-662-44381-1"
}


@inproceedings{KS08,%Kolesnikov:2008:IGC:1427987.1428038,
 author = {Kolesnikov, Vladimir and Schneider, Thomas},
 title = {Improved Garbled Circuit: Free XOR Gates and Applications},
 booktitle = {Proceedings of the 35th International Colloquium on Automata, Languages and Programming, Part II},
 series = {ICALP '08},
 year = {2008},
 isbn = {978-3-540-70582-6},
 location = {Reykjavik, Iceland},
 pages = {486--498},
 numpages = {13},
 url = {http://dx.doi.org/10.1007/978-3-540-70583-3_40},
 doi = {10.1007/978-3-540-70583-3_40},
 acmid = {1428038},
 publisher = {Springer-Verlag},
 address = {Berlin, Heidelberg},%https://dl.acm.org/citation.cfm?id=1428038
} 

@inproceedings{NO09,%Nielsen:2009:LTS:1530441.1530463,
 author = {Nielsen, Jesper Buus and Orlandi, Claudio},
 title = {LEGO for Two-Party Secure Computation},
 booktitle = {Proceedings of the 6th Theory of Cryptography Conference on Theory of Cryptography},
 series = {TCC '09},
 year = {2009},
 isbn = {978-3-642-00456-8},
 location = {San Francisco, CA},
 pages = {368--386},
 numpages = {19},
 url = {http://dx.doi.org/10.1007/978-3-642-00457-5_22},
 doi = {10.1007/978-3-642-00457-5_22},
 acmid = {1530463},
 publisher = {Springer-Verlag}, %https://eprint.iacr.org/2017/344.pdf
 address = {Berlin, Heidelberg}, %https://dl.acm.org/citation.cfm?id=1530463
} 

@inproceedings{PSSW09,%Pinkas:2009:STC:1696616.1696636,
 author = {Pinkas, Benny and Schneider, Thomas and Smart, Nigel P. and Williams, Stephen C.},
 title = {Secure Two-Party Computation Is Practical},
 booktitle = {Proceedings of the 15th International Conference on the Theory and Application of Cryptology and Information Security: Advances in Cryptology},
 series = {ASIACRYPT '09},
 year = {2009},
 isbn = {978-3-642-10365-0},
 location = {Tokyo, Japan},
 pages = {250--267},
 numpages = {18},
 url = {http://dx.doi.org/10.1007/978-3-642-10366-7_15},
 doi = {10.1007/978-3-642-10366-7_15},
 acmid = {1696636},
 publisher = {Springer-Verlag},
 address = {Berlin, Heidelberg},
} 

@inproceedings{LP11,%Lindell:2011:STC:1987260.1987287,
 author = {Lindell, Yehuda and Pinkas, Benny},
 title = {Secure Two-party Computation via Cut-and-choose Oblivious Transfer},
 booktitle = {Proceedings of the 8th Conference on Theory of Cryptography},
 series = {TCC'11},
 year = {2011},
 isbn = {978-3-642-19570-9},
 location = {Providence, RI},
 pages = {329--346},
 numpages = {18},
 url = {http://dl.acm.org/citation.cfm?id=1987260.1987287},
 acmid = {1987287},
 publisher = {Springer-Verlag},
 address = {Berlin, Heidelberg},
} 

@inproceedings{BHR12, %Bellare:2012:FGC:2382196.2382279
 author = {Bellare, Mihir and Hoang, Viet Tung and Rogaway, Phillip},
 title = {Foundations of Garbled Circuits},
 booktitle = {Proceedings of the 2012 ACM Conference on Computer and Communications Security},
 series = {CCS '12},
 year = {2012},
 isbn = {978-1-4503-1651-4},
 location = {Raleigh, North Carolina, USA},
 pages = {784--796},
 numpages = {13},
 url = {http://doi.acm.org/10.1145/2382196.2382279},
 doi = {10.1145/2382196.2382279},
 acmid = {2382279},
 publisher = {ACM},
 address = {New York, NY, USA},
 keywords = {garbled circuits, garbling schemes, provable security, secure function evaluation, yao's protocol},
} 

@inproceedings{DPSZ12,%Damgard:2012:MCS:2954192.2954230,
 author = {Damg{\aa}rd, Ivan and Pastro, Valerio and Smart, Nigel and Zakarias, Sarah},
 title = {Multiparty Computation from Somewhat Homomorphic Encryption},
 booktitle = {Proceedings of the 32Nd Annual Cryptology Conference on Advances in Cryptology --- CRYPTO 2012 - Volume 7417},
 year = {2012},
 isbn = {978-3-642-32008-8},
 pages = {643--662},
 numpages = {20},
 url = {https://doi.org/10.1007/978-3-642-32009-5_38},
 doi = {10.1007/978-3-642-32009-5_38},
 acmid = {2954230},
 publisher = {Springer-Verlag},
 address = {Berlin, Heidelberg},
} 

@misc{cryptoeprint:2012:642,
    author = {Ivan Damg{\aa}rd and Marcel Keller and Enrique Larraia and Valerio Pastro and Peter Scholl and Nigel P. Smart},
    title = {Practical Covertly Secure MPC for Dishonest Majority – or: Breaking the SPDZ Limits},
    howpublished = {Cryptology ePrint Archive, Report 2012/642},
    year = {2012},
    note = {\url{https://eprint.iacr.org/2012/642}},
}

@InProceedings{NNOB12,%10.1007/978-3-642-32009-5_40,
author="Nielsen, Jesper Buus
and Nordholt, Peter Sebastian
and Orlandi, Claudio
and Burra, Sai Sheshank",
editor="Safavi-Naini, Reihaneh
and Canetti, Ran",
title="A New Approach to Practical Active-Secure Two-Party Computation",
booktitle="Advances in Cryptology -- CRYPTO 2012",
year="2012",
publisher="Springer Berlin Heidelberg",
address="Berlin, Heidelberg",
pages="681--700",
abstract="We propose a new approach to practical two-party computation secure against an active adversary. All prior practical protocols were based on Yao's garbled circuits. We use an OT-based approach and get efficiency via OT extension in the random oracle model. To get a practical protocol we introduce a number of novel techniques for relating the outputs and inputs of OTs in a larger construction.",
isbn="978-3-642-32009-5"
}

@misc{cryptoeprint:2013:155,
    author = {Tore Kasper Frederiksen and Thomas Pelle Jakobsen and Jesper Buus Nielsen and Peter Sebastian Nordholt and Claudio Orlandi},
    title = {MiniLEGO: Efficient Secure Two-Party Computation From General Assumptions},
    howpublished = {Cryptology ePrint Archive, Report 2013/155},
    year = {2013},
    note = {\url{https://eprint.iacr.org/2013/155}},
}

@inproceedings{DZ13,%Damgard:2013:CSC:2450206.2450241, MINIMAC
 author = {Damg{\aa}rd, Ivan and Zakarias, Sarah},
 title = {Constant-Overhead Secure Computation of Boolean Circuits Using Preprocessing},
 booktitle = {Proceedings of the 10th Theory of Cryptography Conference on Theory of Cryptography},
 series = {TCC'13},
 year = {2013},
 isbn = {978-3-642-36593-5},
 location = {Tokyo, Japan},
 pages = {621--641},
 numpages = {21},
 url = {http://dx.doi.org/10.1007/978-3-642-36594-2_35},
 doi = {10.1007/978-3-642-36594-2_35},
 acmid = {2450241},
 publisher = {Springer-Verlag},
 address = {Berlin, Heidelberg},
} 


@misc{FJNT15,%cryptoeprint:2015:309,
    author = {Tore Kasper Frederiksen and Thomas P. Jakobsen and Jesper Buus Nielsen and Roberto Trifiletti},
    title = {TinyLEGO: An Interactive Garbling Scheme for Maliciously Secure Two-Party Computation},
    howpublished = {Cryptology ePrint Archive, Report 2015/309},
    year = {2015},
    note = {\url{https://eprint.iacr.org/2015/309}},
}

@article{Lin16, %Lindell:2016:FCP:2898115.2898169,
 author = {Lindell, Yehuda},
 title = {Fast Cut-and-Choose-Based Protocols for Malicious and Covert Adversaries},
 journal = {J. Cryptol.},
 issue_date = {April     2016},
 volume = {29},
 number = {2},
 month = apr,
 year = {2016},
 issn = {0933-2790},
 pages = {456--490},
 numpages = {35},
 url = {http://dx.doi.org/10.1007/s00145-015-9198-0},
 doi = {10.1007/s00145-015-9198-0},
 acmid = {2898169},
 publisher = {Springer-Verlag New York, Inc.},
 address = {Secaucus, NJ, USA},
 keywords = {Concrete efficiency, Cut-and-choose, Two-party computation, Yao's protocol}, %https://eprint.iacr.org/2017/344.pdf
} 

@inproceedings{ZRE14,%Zahur2014TwoHM,
  title={Two Halves Make a Whole: Reducing Data Transfer in Garbled Circuits using Half Gates},
  author={Samee Zahur and Mike Rosulek and David Evans},
  booktitle={IACR Cryptology ePrint Archive},
  year={2014}
}

@InProceedings{FKOS15,%10.1007/978-3-662-48797-6_29,
author="Frederiksen, Tore Kasper
and Keller, Marcel
and Orsini, Emmanuela
and Scholl, Peter",
editor="Iwata, Tetsu
and Cheon, Jung Hee",
title="A Unified Approach to MPC with Preprocessing Using OT",
booktitle="Advances in Cryptology -- ASIACRYPT 2015",
year="2015",
publisher="Springer Berlin Heidelberg",
address="Berlin, Heidelberg",
pages="711--735",
abstract="SPDZ, TinyOT and MiniMAC are a family of MPC protocols based on secret sharing with MACs",
isbn="978-3-662-48797-6"
}

@inproceedings{BMR16,%Ball:2016:GGB:2976749.2978410,
 author = {Ball, Marshall and Malkin, Tal and Rosulek, Mike},
 title = {Garbling Gadgets for Boolean and Arithmetic Circuits},
 booktitle = {Proceedings of the 2016 ACM SIGSAC Conference on Computer and Communications Security},
 series = {CCS '16},
 year = {2016},
 isbn = {978-1-4503-4139-4},
 location = {Vienna, Austria},
 pages = {565--577},
 numpages = {13},
 url = {http://doi.acm.org/10.1145/2976749.2978410},
 doi = {10.1145/2976749.2978410},
 acmid = {2978410},
 publisher = {ACM},
 address = {New York, NY, USA},
 keywords = {circuits, cryptography, garbled circuits, secure multi-party computation, symmetric key},%https://dl.acm.org/citation.cfm?id=2978410
} 

@misc{cryptoeprint:2016:1069,
    author = {Jesper Buus Nielsen and Thomas Schneider and Roberto Trifiletti},
    title = {Constant Round Maliciously Secure 2PC with Function-independent Preprocessing using LEGO},
    howpublished = {Cryptology ePrint Archive, Report 2016/1069},
    year = {2016},
    note = {\url{https://eprint.iacr.org/2016/1069}},
}

@misc{cryptoeprint:2016:458,
    author = {Adam Groce and Alex Ledger and Alex J. Malozemoff and Arkady Yerukhimovich},
    title = {CompGC: Efficient Offline/Online Semi-honest Two-party Computation},
    howpublished = {Cryptology ePrint Archive, Report 2016/458},
    year = {2016},
    note = {\url{https://eprint.iacr.org/2016/458}},
}

@misc{cryptoeprint:2016:695,
    author = {Ivan Damg{\aa}rd and Jesper Buus Nielsen and Michael Nielsen and Samuel Ranellucci},
    title = {Gate-scrambling Revisited - or: The TinyTable protocol for 2-Party Secure Computation},
    howpublished = {Cryptology ePrint Archive, Report 2016/695},
    year = {2016},
    note = {\url{https://eprint.iacr.org/2016/695}},
}

@inproceedings{DZ16,
author = {Damg{\aa}rd, Ivan and Zakarias, Rasmus},
year = {2016},
month = {04},
pages = {245-264},
title = {Fast Oblivious AES A Dedicated Application of the MiniMac Protocol},
isbn = {978-3-319-31516-4},
doi = {10.1007/978-3-319-31517-1_13}
}

@inproceedings{KOS16,%Keller:2016:MFM:2976749.2978357,
 author = {Keller, Marcel and Orsini, Emmanuela and Scholl, Peter},
 title = {MASCOT: Faster Malicious Arithmetic Secure Computation with Oblivious Transfer},
 booktitle = {Proceedings of the 2016 ACM SIGSAC Conference on Computer and Communications Security},
 series = {CCS '16},
 year = {2016},
 isbn = {978-1-4503-4139-4},
 location = {Vienna, Austria},
 pages = {830--842},
 numpages = {13},
 url = {http://doi.acm.org/10.1145/2976749.2978357},
 doi = {10.1145/2976749.2978357},
 acmid = {2978357},
 publisher = {ACM},
 address = {New York, NY, USA},
 keywords = {multi-party computation, oblivious transfer},
} 

@article {LPJ17,
      author = "Peeter Laud and Alisa Pankova and Roman Jagomägis",
      title = "Preprocessing Based Verification of Multiparty Protocols with Honest Majority",
      journal = "Proceedings on Privacy Enhancing Technologies",
      year = "2017",
      volume = "2017",
      number = "4",
      pages={23-76},
      url = "https://content.sciendo.com/view/journals/popets/2017/4/article-p23.xml"
}

@misc{cryptoeprint:2017:1230,
    author = {Marcel Keller and Valerio Pastro and Dragos Rotaru},
    title = {Overdrive: Making SPDZ Great Again},
    howpublished = {Cryptology ePrint Archive, Report 2017/1230},
    year = {2017},
    note = {\url{https://eprint.iacr.org/2017/1230}},
}

@inproceedings{BCGIM17,%Boyle:2017:HSS:3133956.3134107,
 author = {Boyle, Elette and Couteau, Geoffroy and Gilboa, Niv and Ishai, Yuval and Orr\`{u}, Michele},
 title = {Homomorphic Secret Sharing: Optimizations and Applications},
 booktitle = {Proceedings of the 2017 ACM SIGSAC Conference on Computer and Communications Security},
 series = {CCS '17},
 year = {2017},
 isbn = {978-1-4503-4946-8},
 location = {Dallas, Texas, USA},
 pages = {2105--2122},
 numpages = {18},
 url = {http://doi.acm.org/10.1145/3133956.3134107},
 doi = {10.1145/3133956.3134107},
 acmid = {3134107},
 publisher = {ACM},
 address = {New York, NY, USA},
 keywords = {homomorphic encryption, homomorphic secret sharing, private information retrieval, secure computation},
} 


@inproceedings{KNBTR17,%Kolesnikov:2017:DUC:3133956.3133991,
 author = {Kolesnikov, Vladimir and Nielsen, Jesper Buus and Rosulek, Mike and Trieu, Ni and Trifiletti, Roberto},
 title = {DUPLO: Unifying Cut-and-Choose for Garbled Circuits},
 booktitle = {Proceedings of the 2017 ACM SIGSAC Conference on Computer and Communications Security},
 series = {CCS '17},
 year = {2017},
 isbn = {978-1-4503-4946-8},
 location = {Dallas, Texas, USA},
 pages = {3--20},
 numpages = {18},
 url = {http://doi.acm.org/10.1145/3133956.3133991},
 doi = {10.1145/3133956.3133991},
 acmid = {3133991},
 publisher = {ACM},
 address = {New York, NY, USA},
 keywords = {2pc, cryptographic protocol, cut-and-choose, garbled circuits, implementation, malicious adversary, uc-secure},%https://dl.acm.org/citation.cfm?id=3133991
}

@misc{cryptoeprint:2017:226,
    author = {Ruiyu Zhu and Yan Huang},
    title = {JIMU: Faster LEGO-based Secure Computation using Additive Homomorphic Hashes},
    howpublished = {Cryptology ePrint Archive, Report 2017/226},
    year = {2017},
    note = {\url{https://eprint.iacr.org/2017/226}},
}

@inproceedings{WRK17,%Wang:2017:GSM:3133956.3133979,
 author = {Wang, Xiao and Ranellucci, Samuel and Katz, Jonathan},
 title = {Global-Scale Secure Multiparty Computation},
 booktitle = {Proceedings of the 2017 ACM SIGSAC Conference on Computer and Communications Security},
 series = {CCS '17},
 year = {2017},
 isbn = {978-1-4503-4946-8},
 location = {Dallas, Texas, USA},
 pages = {39--56},
 numpages = {18},
 url = {http://doi.acm.org/10.1145/3133956.3133979},
 doi = {10.1145/3133956.3133979},
 acmid = {3133979},
 publisher = {ACM},
 address = {New York, NY, USA},
 keywords = {garbled circuit, multi-party computation, secure computation},
} 


@misc{cryptoeprint:2018:578,
    author = {Jonathan Katz and Samuel Ranellucci and Mike Rosulek and Xiao Wang},
    title = {Optimizing Authenticated Garbling for Faster Secure Two-Party Computation},
    howpublished = {Cryptology ePrint Archive, Report 2018/578},
    year = {2018},
    note = {\url{https://eprint.iacr.org/2018/578}},
}


@misc{ABT18,%cryptoeprint:2018:894,
    author = {Benny Applebaum and Zvika Brakerski and Rotem Tsabary},
    title = {Perfect Secure Computation in Two Rounds},
    howpublished = {Cryptology ePrint Archive, Report 2018/894},
    year = {2018},
    note = {\url{https://eprint.iacr.org/2018/894}},
}

@misc{cryptoeprint:2018:1078,
    author = {Prabhanjan Ananth and Arka Rai Choudhuri and Aarushi Goel and Abhishek Jain},
    title = {Two Round Information-Theoretic MPC with Malicious Security},
    howpublished = {Cryptology ePrint Archive, Report 2018/1078},
    year = {2018},
    note = {\url{https://eprint.iacr.org/2018/1078}},
}

